ISA*00*          *00*          *ZZ*EMEDNYBAT      *ZZ*530            *080716*1801*U*00401*198000001*0*T*:~GS*HP*EMEDNYBAT*530*20080716*18011900*198000001*X*004010X091A1~ST*835*159900001~BPR*H*0*C*NON************20080716~TRN*1*NO PAYMENT*1141797357~REF*EV*530~REF*F2*004010X091A1~DTM*405*20080716~N1*PR*NYSDOH~N3*OFFICE OF MEDICAID MANAGEMENT*CORNING TOWER, EMPIRE STATE PLAZA~N4*ALBANY*NY*122370080~N1*PE*ST ELSEWARE HSP MED CTR NY*XX*1234567890~REF*TJ*111991234~LX*1~CLP*0711000004462420*22*-123.86*-134.7**MC*0712000000015920*13*7~CAS*CR*A2*10.84*0~NM1*QC*1*PATIENT*ANNIBEL*X***MI*AA00000Z~NM1*82*1******XX*1234567890~REF*EA*607887001~REF*9A*4303~DTM*232*20070413~DTM*233*20070413~PER*CX*RETRO RATE REVERSAL~CLP*0711000004462420*1*123.86*130.7**MC*0712000000015920*13*7~CAS*CO*A2*-6.84*0~NM1*QC*1*PATIENT*ANNIBEL*X***MI*AA00000Z~NM1*82*1******XX*1234567890~REF*EA*607887001~REF*9A*4303~DTM*232*20070413~DTM*233*20070413~PER*CX*RETRO RATE CORRECTION~PLB*1234567890*20081231*FB:000000000000000000000000000000*-4~SE*32*159900001~GE*1*198000001~IEA*1*198000001~